<marcxml:record xmlns:marcxml="http://www.loc.gov/MARC21/slim" xmlns:mets="http://www.loc.gov/METS/" xmlns:bf="http://id.loc.gov/ontologies/bibframe/" xmlns:bflc="http://id.loc.gov/ontologies/bflc/" xmlns:madsrdf="http://www.loc.gov/mads/rdf/v1#" xmlns:rdf="http://www.w3.org/1999/02/22-rdf-syntax-ns#" xmlns:ri="http://id.loc.gov/ontologies/RecordInfo#" xmlns:idx="info:lc/xq-modules/lcindex" xmlns:semtriples="http://marklogic.com/semantic" xmlns:xsi="http://www.w3.org/2001/XMLSchema-instance" xmlns:xlink="http://www.w3.org/1999/xlink" xmlns:streams="info:lc/streams#">
  <marcxml:leader>01048cam a2200253 a 4500</marcxml:leader>
  <marcxml:controlfield tag="001">16840002</marcxml:controlfield>
  <marcxml:controlfield tag="005">20140618140211.0</marcxml:controlfield>
  <marcxml:controlfield tag="008">110623s2011    caua     6    000 f eng  </marcxml:controlfield>
  <marcxml:datafield tag="906" ind1=" " ind2=" ">
    <marcxml:subfield code="a">7</marcxml:subfield>
    <marcxml:subfield code="b">cbc</marcxml:subfield>
    <marcxml:subfield code="c">orignew</marcxml:subfield>
    <marcxml:subfield code="d">1</marcxml:subfield>
    <marcxml:subfield code="e">ecip</marcxml:subfield>
    <marcxml:subfield code="f">20</marcxml:subfield>
    <marcxml:subfield code="g">y-gencatlg</marcxml:subfield>
  </marcxml:datafield>
  <marcxml:datafield tag="925" ind1="0" ind2=" ">
    <marcxml:subfield code="a">acquire</marcxml:subfield>
    <marcxml:subfield code="b">2 shelf copies</marcxml:subfield>
    <marcxml:subfield code="x">policy default</marcxml:subfield>
    <marcxml:subfield code="e">claim1  2012-02-23</marcxml:subfield>
    <marcxml:subfield code="e">claim2  2012-07-03</marcxml:subfield>
  </marcxml:datafield>
  <marcxml:datafield tag="955" ind1=" " ind2=" ">
    <marcxml:subfield code="b">rg14 2011-06-23</marcxml:subfield>
    <marcxml:subfield code="i">rg14 2011-06-23 to CIP</marcxml:subfield>
    <marcxml:subfield code="a">xn05 2012-10-17 1 copy rec'd., to CIP ver.</marcxml:subfield>
    <marcxml:subfield code="f">rg07 2012-11-02 to BCCD (telework)</marcxml:subfield>
  </marcxml:datafield>
  <marcxml:datafield tag="010" ind1=" " ind2=" ">
    <marcxml:subfield code="a">  2011025232</marcxml:subfield>
  </marcxml:datafield>
  <marcxml:datafield tag="020" ind1=" " ind2=" ">
    <marcxml:subfield code="a">9781593764227 (pbk. : alk. paper)</marcxml:subfield>
  </marcxml:datafield>
  <marcxml:datafield tag="020" ind1=" " ind2=" ">
    <marcxml:subfield code="a">1593764227 (pbk. : alk. paper)</marcxml:subfield>
  </marcxml:datafield>
  <marcxml:datafield tag="040" ind1=" " ind2=" ">
    <marcxml:subfield code="a">DLC</marcxml:subfield>
    <marcxml:subfield code="c">DLC</marcxml:subfield>
    <marcxml:subfield code="d">DLC</marcxml:subfield>
  </marcxml:datafield>
  <marcxml:datafield tag="042" ind1=" " ind2=" ">
    <marcxml:subfield code="a">pcc</marcxml:subfield>
  </marcxml:datafield>
  <marcxml:datafield tag="050" ind1="0" ind2="0">
    <marcxml:subfield code="a">PN6727.W5646</marcxml:subfield>
    <marcxml:subfield code="b">G55 2011</marcxml:subfield>
  </marcxml:datafield>
  <marcxml:datafield tag="082" ind1="0" ind2="0">
    <marcxml:subfield code="a">741.5/973</marcxml:subfield>
    <marcxml:subfield code="2">23</marcxml:subfield>
  </marcxml:datafield>
  <marcxml:datafield tag="100" ind1="1" ind2=" ">
    <marcxml:subfield code="a">Winegarner, Andrew.</marcxml:subfield>
  </marcxml:datafield>
  <marcxml:datafield tag="245" ind1="1" ind2="0">
    <marcxml:subfield code="a">Gilgamesh :</marcxml:subfield>
    <marcxml:subfield code="b">a graphic novel /</marcxml:subfield>
    <marcxml:subfield code="c">Andrew Winegarner ; afterword by April Rasmussen.</marcxml:subfield>
  </marcxml:datafield>
  <marcxml:datafield tag="260" ind1=" " ind2=" ">
    <marcxml:subfield code="a">Berkeley, CA :</marcxml:subfield>
    <marcxml:subfield code="b">Counterpoint :</marcxml:subfield>
    <marcxml:subfield code="b">Distributed by Publishers Group West,</marcxml:subfield>
    <marcxml:subfield code="c">c2011.</marcxml:subfield>
  </marcxml:datafield>
  <marcxml:datafield tag="300" ind1=" " ind2=" ">
    <marcxml:subfield code="a">170 p. :</marcxml:subfield>
    <marcxml:subfield code="b">chiefly ill. ;</marcxml:subfield>
    <marcxml:subfield code="c">23 cm.</marcxml:subfield>
  </marcxml:datafield>
  <marcxml:datafield tag="600" ind1="0" ind2="0">
    <marcxml:subfield code="a">Gilgamesh</marcxml:subfield>
    <marcxml:subfield code="c">(Legendary character)</marcxml:subfield>
    <marcxml:subfield code="v">Comic books, strips, etc.</marcxml:subfield>
  </marcxml:datafield>
  <marcxml:datafield tag="655" ind1=" " ind2="0">
    <marcxml:subfield code="a">Graphic novels.</marcxml:subfield>
  </marcxml:datafield>
</marcxml:record>
